@article{kickstarting,
    author        = {Andreas Olofsson, Tomas Nordström and Zain Ul-Abdin},
    title         = {Kickstarting High-performance Energy-efficient Manycore Architectures with Epiphany},
    journaltitle  = {Cornell University Librairy},
    year          = {2014},
    volume        = {},
    number        = {},
    pages         = {1},
    doi           = {}
}

@article{parallellamanual,
    author        = {Adapteva},
    title         = {Parallella manual},
    journaltitle  = {},
    year          = {2014},
    volume        = {},
    number        = {},
    doi           = {}
}

@online{githubadapteva,
    author        = {Adapteva},
    title         = {epiphany-libs},
    year          = {2015},
    url           = {https://github.com/adapteva/epiphany-libs/tree/master/bsps/parallella_E16G3_1GB},
    note = "[Online; accessed 1-Decembre-2015]"
}

@online{githubadaptevahard,
    author        = {Adapteva},
    title         = {epiphany-libs},
    year          = {2015},
    url           = {https://github.com/parallella/parallella-hw},
    note = "[Online; accessed 4-january-2016]"
}

@online{githubadaptevahardissue,
    author        = {Adapteva},
    title         = {epiphany-libs},
    year          = {2015},
    url           = {https://github.com/parallella/parallella-hw/issues/2},
    note = "[Online; accessed 4-january-2016]"
}

@book{latexcompanion,
    author        = {Michel Goossens and Frank Mittelbach and Alexander Samarin},
    title         = {The \LaTeX\ Companion},
    year          = {1993},
    publisher     = {Addison-Wesley},
    location      = {Reading, Massachusetts}
}

@article{epiphanySDK,
    author        = {Adapteva},
    title         = {Epiphany SDK reference},
    year          = {2013},
}

@article{linker,
    author        = {Analog Devices},
    title         = {Understanding and Using Linker Description Files on SHARC® Processors},
    year          = {2007},
    pages         = {2-3}
}

@article{epiphanyArch,
    author        = {Adapteva},
    title         = {Epiphany architecture},
    year          = {2013},
}

@book{pie,
    author        = {Hidehiko Tanaka ed.},
    title         = {Parallel Inference Engine - PIE},
    year          = {2000},
    publisher     = {Ohmsha},
    pages         = {107}
}

@article{programmingadapteva,
    author        = {Anish Varghese and Bob Edwards and Gaurav Mitra and Alistair P Rendell},
    title         = {Programming the Adapteva Epiphany 64-core Network-on-chip Coprocessor},
    year          = {2014},
}

@online{githubproject,
    author        = {Noémien Kocher},
    title         = {Git project},
    year          = {2016},
    url           = {https://github.com/nkcr/parallella-computing},
    note = "[Online; accessed 4-january-2016]"
}

@online{linpackpc,
    author        = {Roy Longbottom},
    title         = {Linpack Benchmark Results On PCs},
    year          = {2016},
    url           = {http://www.roylongbottom.org.uk/linpack%20results.htm},
    note = "[Online; accessed 27-january-2016]"
}